

@misc{Stack,
  author       = {{Unknown}},
  url = {https://stackoverflow.com/questions/20548628/how-to-do-parallel-programming-in-python},
  title        = {{How to do parallel programming in python}},
  year         = {2024}
}
@misc{Pik,
  author       = {{FER}},
  url = {https://www.fer.unizg.hr/predmet/pik},
  title        = {{Paralelizam i konkurentnost}},
  year         = {2024}
}
@misc{Youtube1,
  author       = {{Corey Schafer}},
  url = {https://www.youtube.com/watch?v=fKl2JW_qrso},
  title        = {{Multiprocessing in python}},
  year         = {2019}
}

@misc{Youtube2,
  author       = {{APMonitor.com}},
  url = {https://www.youtube.com/watch?v=VV3BnroVjZo},
  title        = {{Differential equations in python}},
  year         = {2017}
}